<record><leader>00000cas a22000007a 4500</leader><controlfield tag="001">19284177</controlfield><controlfield tag="008">890301d19101925moudn ne      0    0eng d</controlfield><datafield ind1=" " ind2=" " tag="010"><subfield code="a">sn 89066023 </subfield></datafield><datafield ind1=" " ind2=" " tag="040"><subfield code="a">MQN</subfield><subfield code="b">eng</subfield><subfield code="c">MQN</subfield><subfield code="d">OCLCQ</subfield></datafield><datafield ind1=" " ind2=" " tag="042"><subfield code="a">msc</subfield></datafield><datafield ind1="0" ind2="0" tag="245"><subfield code="a">Daily democrat-forum.</subfield></datafield><datafield ind1=" " ind2=" " tag="260"><subfield code="a">Maryville, Mo. :</subfield><subfield code="b">Maryville Pub. Co.,</subfield><subfield code="c">1910-1925.</subfield></datafield><datafield ind1=" " ind2=" " tag="300"><subfield code="a">v.</subfield></datafield><datafield ind1=" " ind2=" " tag="310"><subfield code="a">Daily (except Sun.)</subfield></datafield><datafield ind1="0" ind2=" " tag="362"><subfield code="a">Vol. 1, no. 112 (Oct. 13, 1910)-v. 15, no. 284 (May 2, 1925).</subfield></datafield><datafield ind1=" " ind2="4" tag="651"><subfield code="a">Maryville (Mo.)</subfield><subfield code="v">Newspapers.</subfield></datafield><datafield ind1=" " ind2=" " tag="752"><subfield code="a">United States</subfield><subfield code="b">Missouri</subfield><subfield code="c">Nodaway</subfield><subfield code="d">Maryville.</subfield></datafield><datafield ind1="0" ind2=" " tag="775"><subfield code="t">Weekly democrat-forum</subfield><subfield code="w">(DLC)sn 89066043</subfield></datafield><datafield ind1="0" ind2="0" tag="780"><subfield code="t">Democrat-forum (Maryville, Mo. : Daily)</subfield><subfield code="w">(DLC)sn 89066022</subfield></datafield><datafield ind1="0" ind2="7" tag="785"><subfield code="t">Maryville tribune (Maryville, Mo. : Daily ed.)</subfield><subfield code="w">(DLC)sn 89066040</subfield></datafield><datafield ind1="0" ind2="7" tag="785"><subfield code="t">Daily democrat-forum and Maryville tribune</subfield><subfield code="w">(DLC)sn 89066024</subfield></datafield></record>